%% This BibTeX bibliography file was created using BibDesk.
%% https://bibdesk.sourceforge.io/

%% Created for Chaoyi Chen at 2021-05-05 21:56:29 -0400 


%% Saved with string encoding Unicode (UTF-8) 



@article{hartley2014some,
	author = {Hartley, James},
	date-added = {2021-05-05 21:56:27 -0400},
	date-modified = {2021-05-05 21:56:27 -0400},
	journal = {International journal of clinical and health psychology},
	number = {1},
	pages = {83--86},
	publisher = {Elsevier},
	title = {Some thoughts on Likert-type scales},
	volume = {14},
	year = {2014}}

@article{likert1932technique,
	author = {Likert, Rensis},
	date-added = {2021-05-05 21:55:54 -0400},
	date-modified = {2021-05-05 21:55:54 -0400},
	journal = {Archives of psychology},
	title = {A technique for the measurement of attitudes.},
	year = {1932}}

@manual{R-base,
	address = {Vienna, Austria},
	author = {{R Core Team}},
	organization = {R Foundation for Statistical Computing},
	title = {R: A Language and Environment for Statistical Computing},
	url = {https://www.R-project.org/},
	year = {2021},
	Bdsk-Url-1 = {https://www.R-project.org/}}

@manual{R-papaja,
	author = {Frederik Aust and Marius Barth},
	note = {R package version 0.1.0.9997},
	title = {{papaja}: {Prepare} reproducible {APA} journal articles with {R Markdown}},
	url = {https://github.com/crsh/papaja},
	year = {2020},
	Bdsk-Url-1 = {https://github.com/crsh/papaja}}

@manual{R-tinylabels,
	author = {Marius Barth},
	note = {R package version 0.2.1},
	title = {{tinylabels}: Lightweight Variable Labels},
	url = {https://github.com/mariusbarth/tinylabels},
	year = {2021},
	Bdsk-Url-1 = {https://github.com/mariusbarth/tinylabels}}
@Manual{R-broom,
  title = {broom: Convert Statistical Objects into Tidy Tibbles},
  author = {David Robinson and Alex Hayes and Simon Couch},
  year = {2021},
  note = {R package version 0.7.6},
  url = {https://CRAN.R-project.org/package=broom},
}
@Manual{R-dplyr,
  title = {dplyr: A Grammar of Data Manipulation},
  author = {Hadley Wickham and Romain François and Lionel Henry and Kirill Müller},
  year = {2021},
  note = {R package version 1.0.5},
  url = {https://CRAN.R-project.org/package=dplyr},
}
@Manual{R-forcats,
  title = {forcats: Tools for Working with Categorical Variables (Factors)},
  author = {Hadley Wickham},
  year = {2021},
  note = {R package version 0.5.1},
  url = {https://CRAN.R-project.org/package=forcats},
}
@Book{R-ggplot2,
  author = {Hadley Wickham},
  title = {ggplot2: Elegant Graphics for Data Analysis},
  publisher = {Springer-Verlag New York},
  year = {2016},
  isbn = {978-3-319-24277-4},
  url = {https://ggplot2.tidyverse.org},
}
@Manual{R-kableExtra,
  title = {kableExtra: Construct Complex Table with 'kable' and Pipe Syntax},
  author = {Hao Zhu},
  year = {2021},
  note = {R package version 1.3.4},
  url = {https://CRAN.R-project.org/package=kableExtra},
}
@Misc{R-ordinal,
  title = {ordinal---Regression Models for Ordinal Data },
  author = {R. H. B. Christensen},
  year = {2019},
  note = {R package version 2019.12-10. https://CRAN.R-project.org/package=ordinal},
}
@Manual{R-purrr,
  title = {purrr: Functional Programming Tools},
  author = {Lionel Henry and Hadley Wickham},
  year = {2020},
  note = {R package version 0.3.4},
  url = {https://CRAN.R-project.org/package=purrr},
}
@Manual{R-readr,
  title = {readr: Read Rectangular Text Data},
  author = {Hadley Wickham and Jim Hester},
  year = {2020},
  note = {R package version 1.4.0},
  url = {https://CRAN.R-project.org/package=readr},
}
@Manual{R-stringr,
  title = {stringr: Simple, Consistent Wrappers for Common String Operations},
  author = {Hadley Wickham},
  year = {2019},
  note = {R package version 1.4.0},
  url = {https://CRAN.R-project.org/package=stringr},
}
@Manual{R-tibble,
  title = {tibble: Simple Data Frames},
  author = {Kirill Müller and Hadley Wickham},
  year = {2021},
  note = {R package version 3.1.1},
  url = {https://CRAN.R-project.org/package=tibble},
}
@Manual{R-tidyr,
  title = {tidyr: Tidy Messy Data},
  author = {Hadley Wickham},
  year = {2021},
  note = {R package version 1.1.3},
  url = {https://CRAN.R-project.org/package=tidyr},
}
@Article{R-tidyverse,
  title = {Welcome to the {tidyverse}},
  author = {Hadley Wickham and Mara Averick and Jennifer Bryan and Winston Chang and Lucy D'Agostino McGowan and Romain François and Garrett Grolemund and Alex Hayes and Lionel Henry and Jim Hester and Max Kuhn and Thomas Lin Pedersen and Evan Miller and Stephan Milton Bache and Kirill Müller and Jeroen Ooms and David Robinson and Dana Paige Seidel and Vitalie Spinu and Kohske Takahashi and Davis Vaughan and Claus Wilke and Kara Woo and Hiroaki Yutani},
  year = {2019},
  journal = {Journal of Open Source Software},
  volume = {4},
  number = {43},
  pages = {1686},
  doi = {10.21105/joss.01686},
}
